=LDR  00000nam a2200000Ia 45e0
=008  250523s9999\\\\xx\\\\\\\\\\\\000\0\und\d
=100  \\$aDupit, Juliebe P.
=245  \0$aAcceptability Level of Black Rice Based Vinegar
=245  \0$bby Juliebe P. Dupit
=260  \\$bPublished in Bohol Island State University- Bilar Campus
=260  \\$c2016
=300  \\$ax, 34 leaves
=876  \\$aBISU-BL-000001
=876  \\$bBISUBIL-T-2023000472
=876  \\$hFor room use only
=876  \\$jInventoried
=876  \\$tCopy 1

