=LDR  00000nam a2200000Ia 45e0
=008  250523s9999\\\\xx\\\\\\\\\\\\000\0\und\d
=100  \\$aValentos, Jessa D.
=245  \0$aAcceptability of Using Organic Feeds on Native Chicken (Gallus Gallus Domesticus Linn.) Production in the Second District of Bohol
=245  \0$bby Jessa D. Valentos
=260  \\$bPublished in Bohol Island State University- Bilar Campus
=260  \\$c2019
=300  \\$aix, 44 leaves
=876  \\$aBISU-BL-000002
=876  \\$bBISUBIL-T-2023000473
=876  \\$hFor room use only
=876  \\$jInventoried
=876  \\$tCopy 1

