=LDR  00000nam a2200000Ia 45e0
=008  250523s9999\\\\xx\\\\\\\\\\\\000\0\und\d
=100  \\$aAncog, Leomarie S.
=245  \0$aAcceptability Using Organic Feeds on Native Chicken (Gallus Gallus Domesticus Linn) Production in the First District of Bohol
=245  \0$bby Leomarie S. Ancog
=260  \\$bPublished in Bohol Island State University- Bilar Campus
=260  \\$c2019
=300  \\$ax, 49 leaves
=876  \\$aBISU-BL-000003
=876  \\$bBISUBIL-T-2023000474
=876  \\$hFor room use only
=876  \\$jInventoried
=876  \\$tCopy 1

