=LDR  00000nam a2200000Ia 45e0
=008  250523s9999\\\\xx\\\\\\\\\\\\000\0\und\d
=100  \\$aGealon, Maria Luisa Camanero
=245  \0$aAdoption of Livestock Technologies in the Municipality of Lila, Bohol
=245  \0$bby Maria Luisa Camanero Gealon
=260  \\$bPublished in Bohol Island State University- Bilar Campus
=260  \\$c2014
=300  \\$aix, 46 leaves
=876  \\$aBISU-BL-000004
=876  \\$bBISUBIL-T-2023000475
=876  \\$hFor room use only
=876  \\$jInventoried
=876  \\$tCopy 1

