=LDR  00000nam a2200000Ia 45e0
=008  250523s9999\\\\xx\\\\\\\\\\\\000\0\und\d
=100  \\$aLibaton, Joseph N.
=245  \0$aAssessment od NGO-Assisted Carabao Production Program for Poverty Reduction in San Isidro, Bohol
=245  \0$bby Joseph N. Libaton
=260  \\$bPublished in Bohol Island State University- Bilar Campus
=260  \\$c2016
=300  \\$aix, 44 leaves
=876  \\$aBISU-BL-000005
=876  \\$bBISUBIL-T-2023000476
=876  \\$hFor room use only
=876  \\$jInventoried
=876  \\$tCopy 1

