=LDR  00000nam a2200000Ia 45e0
=008  250523s9999\\\\xx\\\\\\\\\\\\000\0\und\d
=100  \\$aAmpo, Michelle C.
=245  \0$aAssessment of Cattle Disposal  For Poverty Reduction in the Town of Dagohoy, Bohol
=245  \0$bby Michelle C. Ampo
=260  \\$bPublished in Bohol Island State University- Bilar Campus
=260  \\$c2011
=300  \\$axiv, 49 leaves
=876  \\$aBISU-BL-000006
=876  \\$bBISUBIL-T-2023000477
=876  \\$hFor room use only
=876  \\$jInventoried
=876  \\$tCopy 1

