=LDR  00000nam a2200000Ia 45e0
=008  250523s9999\\\\xx\\\\\\\\\\\\000\0\und\d
=100  \\$aGudito, Caferino D.
=245  \0$aAssessment of MAO-Assisted Cattle Production Program for Poverty Reduction in Inabanga, Bohol
=245  \0$bby Caferino D. Gudito
=260  \\$bPublished in Bohol Island State University- Bilar Campus
=260  \\$c2017
=300  \\$aix, 47 leaves
=876  \\$aBISU-BL-000007
=876  \\$bBISUBIL-T-2023000478
=876  \\$hFor room use only
=876  \\$jInventoried
=876  \\$tCopy 1

