=LDR  00000nam a2200000Ia 45e0
=008  250523s9999\\\\xx\\\\\\\\\\\\000\0\und\d
=100  \\$aDuat, Joanna Marie G.
=245  \0$aAssessment of Native Chicken Dispersal in the Selected Towns of the 1st District Bohol
=245  \0$bby Joanna Marie G. Duat
=260  \\$bPublished in Bohol Island State University- Bilar Campus
=260  \\$c2017
=300  \\$axiii, 60 leaves
=876  \\$aBISU-BL-000008
=876  \\$bBISUBIL-T-2023000479
=876  \\$hFor room use only
=876  \\$jInventoried
=876  \\$tCopy 1

