=LDR  00000nam a2200000Ia 45e0
=008  250523s9999\\\\xx\\\\\\\\\\\\000\0\und\d
=100  \\$aGastanes, Charmaine M.
=245  \0$aBenefits, Needs and Problems of Swine (Sus Domesticus) Products in Selected Towns of Bohol
=245  \0$bby Charmaine M. Gastanes
=260  \\$bPublished in Bohol Island State University- Bilar Campus
=260  \\$c2009
=300  \\$axiii, 41 leaves
=876  \\$aBISU-BL-000009
=876  \\$bBISUBIL-T-2023000480
=876  \\$hFor room use only
=876  \\$jInventoried
=876  \\$tCopy 1

