=LDR  00000nam a2200000Ia 45e0
=008  250523s9999\\\\xx\\\\\\\\\\\\000\0\und\d
=100  \\$aGonzales, Christine Joy
=245  \0$aCharacterizing Land Suitability to Cacao (Theobroma Cacao L.) in the Third District of Bohol
=245  \0$bby Christine Joy Gonzales
=260  \\$bPublished in Bohol Island State University- Bilar Campus
=260  \\$c2018
=300  \\$axiii, 101 leaves
=876  \\$aBISU-BL-000010
=876  \\$bBISUBIL-T-2023000481
=876  \\$hFor room use only
=876  \\$jInventoried
=876  \\$tCopy 1

