=LDR  00000nam a2200000Ia 45e0
=008  250523s9999\\\\xx\\\\\\\\\\\\000\0\und\d
=100  \\$aSiga, Jenelyn P.
=245  \0$aCharacterizing Land Suitability to Cacao (Theobroma Cacao Linn.) in the First District of Bohol
=245  \0$bby Jenelyn P. Siga
=260  \\$bPublished in Bohol Island State University- Bilar Campus
=260  \\$c2018
=300  \\$axi, 99 leaves
=876  \\$aBISU-BL-000011
=876  \\$bBISUBIL-T-2023000482
=876  \\$hFor room use only
=876  \\$jInventoried
=876  \\$tCopy 1

