=LDR  00000nam a2200000Ia 45e0
=008  250523s9999\\\\xx\\\\\\\\\\\\000\0\und\d
=100  \\$aDusaban, Jessica T.
=245  \0$aCharacterizing land Suitability to Cacao (Theobroma Cacao Linn.) in the Second District of Bohol
=245  \0$bby Jessica T. Dusaban
=260  \\$bPublished in Bohol Island State University- Bilar Campus
=260  \\$c2018
=300  \\$axii, 122 leaves
=876  \\$aBISU-BL-000012
=876  \\$bBISUBIL-T-2023000483
=876  \\$hFor room use only
=876  \\$jInventoried
=876  \\$tCopy 1

