=LDR  00000nam a2200000Ia 45e0
=008  250523s9999\\\\xx\\\\\\\\\\\\000\0\und\d
=100  \\$aDomingo, Glenn E.
=245  \0$aDisease Incidence and Severity in Ampalaya (Momordica Charantia Linn.) Mulched with Cocofronds
=245  \0$bby Glenn E. Domingo
=260  \\$bPublished in Bohol Island State University- Bilar Campus
=260  \\$c2017
=300  \\$axviii, 130 leaves
=876  \\$aBISU-BL-000013
=876  \\$bBISUBIL-T-2023000484
=876  \\$hFor room use only
=876  \\$jInventoried
=876  \\$tCopy 1

