=LDR  00000nam a2200000Ia 45e0
=008  250523s9999\\\\xx\\\\\\\\\\\\000\0\und\d
=100  \\$aVargas, Rowela Ibay
=245  \0$aDocumentation of Insect Pest Species Infesting Major Vegetable Crops at Bohol Integrated Crop Management Project Sites
=245  \0$bby Rowela Ibay Vargas
=260  \\$bPublished in Bohol Island State University- Bilar Campus
=260  \\$c2017
=300  \\$ax, 77 leaves
=876  \\$aBISU-BL-000014
=876  \\$bBISUBIL-T-2023000485
=876  \\$hFor room use only
=876  \\$jInventoried
=876  \\$tCopy 1

