=LDR  00000nam a2200000Ia 45e0
=008  250523s9999\\\\xx\\\\\\\\\\\\000\0\und\d
=100  \\$aIdulsa, Judy Ann O.
=245  \0$aDocumentation on the Natural Enemies in Major Vegetable Crops Grown in the Bohol Integrated Crop Management Project Sites
=245  \0$bby Judy Ann O. Idulsa
=260  \\$bPublished in Bohol Island State University- Bilar Campus
=260  \\$c2017
=300  \\$axii, 83 leaves
=876  \\$aBISU-BL-000015
=876  \\$bBISUBIL-T-2023000486
=876  \\$hFor room use only
=876  \\$jInventoried
=876  \\$tCopy 1

