=LDR  00000nam a2200000Ia 45e0
=008  250523s9999\\\\xx\\\\\\\\\\\\000\0\und\d
=100  \\$aBetaganzo, Jovanneh B.
=245  \0$aDocumentation on the Wild Yam (Dioscorea Hispida Dennst) Products Developed by the Locals Using Indigenous Technology: Basis for Product Improvement
=245  \0$bby Jovanneh B. Betaganzo
=260  \\$bPublished in Bohol Island State University- Bilar Campus
=260  \\$c2018
=300  \\$axiii, 68 leaves
=876  \\$aBISU-BL-000016
=876  \\$bBISUBIL-T-2023000487
=876  \\$hFor room use only
=876  \\$jInventoried
=876  \\$tCopy 1

