=LDR  00000nam a2200000Ia 45e0
=008  250523s9999\\\\xx\\\\\\\\\\\\000\0\und\d
=100  \\$aHandugan, Gia G.
=245  \0$aEfficacy of Hydrosol-Based Pesticides for Pest Management on Chinese Cabbage (Brassica Rapa Subsp. Chinensis Linn.)
=245  \0$bby Gia G. Handugan
=260  \\$bPublished in Bohol Island State University- Bilar Campus
=260  \\$c2018
=300  \\$ax, 67 leaves
=876  \\$aBISU-BL-000017
=876  \\$bBISUBIL-T-2023000488
=876  \\$hFor room use only
=876  \\$jInventoried
=876  \\$tCopy 1

