=LDR  00000nam a2200000Ia 45e0
=008  250523s9999\\\\xx\\\\\\\\\\\\000\0\und\d
=100  \\$aTorrentira, Jay A.
=245  \0$aEgg Hatchability of Native Chicken (Gallus Gallus Domesticus Linn) Feed with Corn-Based Kangkong Formula
=245  \0$bby Jay A. Torrentira
=260  \\$bPublished in Bohol Island State University- Bilar Campus
=260  \\$c2019
=300  \\$axi, 47 leaves
=876  \\$aBISU-BL-000018
=876  \\$bBISUBIL-T-2023000489
=876  \\$hFor room use only
=876  \\$jInventoried
=876  \\$tCopy 1

