=LDR  00000nam a2200000Ia 45e0
=008  250523s9999\\\\xx\\\\\\\\\\\\000\0\und\d
=100  \\$aAlmedilla, Regie C.
=245  \0$aFarmer Formulated Feeds on the Performance of Native Chicken (Gallus Gallus Domesticus Linn.)
=245  \0$bby Regie C. Almedilla
=260  \\$bPublished in Bohol Island State University- Bilar Campus
=260  \\$c2018
=300  \\$ax, 50 leaves
=876  \\$aBISU-BL-000019
=876  \\$bBISUBIL-T-2023000490
=876  \\$hFor room use only
=876  \\$jInventoried
=876  \\$tCopy 1

