=LDR  00000nam a2200000Ia 45e0
=008  250523s9999\\\\xx\\\\\\\\\\\\000\0\und\d
=100  \\$aAnana, Beverly S.
=245  \0$aFermented Seaweed-Based Biofertilizers on the Productivity of Eggplant (Solanum Melongena Linn.)
=245  \0$bby Beverly S. Anana
=260  \\$bPublished in Bohol Island State University- Bilar Campus
=260  \\$c2018
=300  \\$axii, 67 leaves
=876  \\$aBISU-BL-000020
=876  \\$bBISUBIL-T-2023000491
=876  \\$hFor room use only
=876  \\$jInventoried
=876  \\$tCopy 1

