=LDR  00000nam a2200000Ia 45e0
=008  250523s9999\\\\xx\\\\\\\\\\\\000\0\und\d
=100  \\$aPalingcod, Abegil J.
=245  \0$aGender Role Analysis in Rice Enterprise in the First District of Bohol
=245  \0$bby Abegil J. Palingcod
=260  \\$bPublished in Bohol Island State University- Bilar Campus
=260  \\$c2019
=300  \\$axii, 45 leaves
=876  \\$aBISU-BL-000021
=876  \\$bBISUBIL-T-2023000492
=876  \\$hFor room use only
=876  \\$jInventoried
=876  \\$tCopy 1

