=LDR  00000nam a2200000Ia 45e0
=008  250523s9999\\\\xx\\\\\\\\\\\\000\0\und\d
=100  \\$aLague, Maribeth B.
=245  \0$aGender Role Analysis in Rice Enterprise in the Second District of Bohol
=245  \0$bby Maribeth B. Lague
=260  \\$bPublished in Bohol Island State University- Bilar Campus
=260  \\$c2019
=300  \\$aix, 47 leaves
=876  \\$aBISU-BL-000022
=876  \\$bBISUBIL-T-2023000493
=876  \\$hFor room use only
=876  \\$jInventoried
=876  \\$tCopy 1

