=LDR  00000nam a2200000Ia 45e0
=008  250523s9999\\\\xx\\\\\\\\\\\\000\0\und\d
=100  \\$aDaig, Aijay J.
=245  \0$aGoatweed, Gooseweed and Arsenic Weed as Pest Management Agent of Pechay (Brassica Pekinensis Lour)
=245  \0$bby Aijay J. Daig
=260  \\$bPublished in Bohol Island State University- Bilar Campus
=260  \\$c2017
=300  \\$axii, 66 leaves
=876  \\$aBISU-BL-000023
=876  \\$bBISUBIL-T-2023000494
=876  \\$hFor room use only
=876  \\$jInventoried
=876  \\$tCopy 1

