=LDR  00000nam a2200000Ia 45e0
=008  250523s9999\\\\xx\\\\\\\\\\\\000\0\und\d
=100  \\$aElorpe, Dona Lilia L.
=245  \0$aGreen Feed Formula on the Performance f Native Chicken (Gallus Gallus Domesticus Linn.)
=245  \0$bby Dona Lilia L. Elorpe
=260  \\$bPublished in Bohol Island State University- Bilar Campus
=260  \\$c2018
=300  \\$aix, 46 leaves
=876  \\$aBISU-BL-000024
=876  \\$bBISUBIL-T-2023000495
=876  \\$hFor room use only
=876  \\$jInventoried
=876  \\$tCopy 1

