=LDR  00000nam a2200000Ia 45e0
=008  250523s9999\\\\xx\\\\\\\\\\\\000\0\und\d
=100  \\$aBatoon, Jea C.
=245  \0$aGreen Feed-Based Formula on the Growth Performance of Native Chicken (Gallus Gallus Domesticus Linn.)
=245  \0$bby Jea C. Batoon
=260  \\$bPublished in Bohol Island State University- Bilar Campus
=260  \\$c2018
=300  \\$ax, 35 leaves
=876  \\$aBISU-BL-000025
=876  \\$bBISUBIL-T-2023000496
=876  \\$hFor room use only
=876  \\$jInventoried
=876  \\$tCopy 1

