=LDR  00000nam a2200000Ia 45e0
=008  250523s9999\\\\xx\\\\\\\\\\\\000\0\und\d
=100  \\$aSaga, Jomar S.
=245  \0$aGrowth and Yield of Ampalaya (Momordica Charantia L.) Applied with Kakawate (Gliricidia Sepium, Steudel) Wood Vinegar
=245  \0$bby Jomar S. Saga
=260  \\$bPublished in Bohol Island State University- Bilar Campus
=260  \\$c2014
=300  \\$axi, 49 leaves
=876  \\$aBISU-BL-000026
=876  \\$bBISUBIL-T-2023000497
=876  \\$hFor room use only
=876  \\$jInventoried
=876  \\$tCopy 1

