=LDR  00000nam a2200000Ia 45e0
=008  250523s9999\\\\xx\\\\\\\\\\\\000\0\und\d
=100  \\$aBalamad, Art Joseph B.
=245  \0$aGrowth and Yield Performance of Four Species of Oyster Mushroom (Pleurotus Spp.)
=245  \0$bby Art Joseph B. Balamad
=260  \\$bPublished in Bohol Island State University- Bilar Campus
=260  \\$c2019
=300  \\$axiii, 53 leaves
=876  \\$aBISU-BL-000027
=876  \\$bBISUBIL-T-2023000498
=876  \\$hFor room use only
=876  \\$jInventoried
=876  \\$tCopy 1

