=LDR  00000nam a2200000Ia 45e0
=008  250523s9999\\\\xx\\\\\\\\\\\\000\0\und\d
=100  \\$aCaga, Lurlyn L.
=245  \0$aGrowth and Yield Performance of Sweet Pepper Applied with Different Levels of Fermented Liquid Fertilizer
=245  \0$bby Lurlyn L. Caga
=260  \\$bPublished in Bohol Island State University- Bilar Campus
=260  \\$c2019
=300  \\$axi, 51 leaves
=876  \\$aBISU-BL-000028
=876  \\$bBISUBIL-T-2023000499
=876  \\$hFor room use only
=876  \\$jInventoried
=876  \\$tCopy 1

