=LDR  00000nam a2200000Ia 45e0
=008  250523s9999\\\\xx\\\\\\\\\\\\000\0\und\d
=100  \\$aBeroy, Gilbert S.
=245  \0$aGrowth and Yield Performance of Tomato (Solanum Lycopersicum) Applied with Organic Fertilizer
=245  \0$bby Gilbert S. Beroy
=260  \\$bPublished in Bohol Island State University- Bilar Campus
=260  \\$c2016
=300  \\$aviii, 36 leaves
=876  \\$aBISU-BL-000029
=876  \\$bBISUBIL-T-2023000500
=876  \\$hFor room use only
=876  \\$jInventoried
=876  \\$tCopy 1

