=LDR  00000nam a2200000Ia 45e0
=008  250523s9999\\\\xx\\\\\\\\\\\\000\0\und\d
=100  \\$aDiez, Jazel Ann C.
=245  \0$aGrowth and Yield Responses of Radish (Raphanus Sativus Linn.) Applied with Fermented Organic Liquid Fertilizers
=245  \0$bby Jazel Ann C. Diez
=260  \\$bPublished in Bohol Island State University- Bilar Campus
=260  \\$c2017
=300  \\$axv, 84 leaves
=876  \\$aBISU-BL-000030
=876  \\$bBISUBIL-T-2023000501
=876  \\$hFor room use only
=876  \\$jInventoried
=876  \\$tCopy 1

