=LDR  00000nam a2200000Ia 45e0
=008  250523s9999\\\\xx\\\\\\\\\\\\000\0\und\d
=100  \\$aFabito, Vergel
=245  \0$aGrowth Performance of Cacao (Theobroma Cacao L.) Seedlings as Affected by Different Growing Media
=245  \0$bby Vergel Fabito
=260  \\$bPublished in Bohol Island State University- Bilar Campus
=260  \\$c2018
=300  \\$axii, 50 leaves
=876  \\$aBISU-BL-000031
=876  \\$bBISUBIL-T-2023000502
=876  \\$hFor room use only
=876  \\$jInventoried
=876  \\$tCopy 1

