=LDR  00000nam a2200000Ia 45e0
=008  250523s9999\\\\xx\\\\\\\\\\\\000\0\und\d
=100  \\$aPogio, John Mark B.
=245  \0$aGrowth Performance of Cacao Seedlings (Theobroma Cacao L.) as Applied with Different Potting Media
=245  \0$bby John Mark B. Pogio
=260  \\$bPublished in Bohol Island State University- Bilar Campus
=260  \\$c2019
=300  \\$ax, 63 leaves
=876  \\$aBISU-BL-000032
=876  \\$bBISUBIL-T-2023000503
=876  \\$hFor room use only
=876  \\$jInventoried
=876  \\$tCopy 1

