=LDR  00000nam a2200000Ia 45e0
=008  250523s9999\\\\xx\\\\\\\\\\\\000\0\und\d
=100  \\$aReducto, Aries Jay
=245  \0$aHealth and Growth Performance of Cucurbit Crop Seedlings Raised in Different Growing Media
=245  \0$bby Aries Jay Reducto
=260  \\$bPublished in Bohol Island State University- Bilar Campus
=260  \\$c2017
=300  \\$axvii, 106 leaves
=876  \\$aBISU-BL-000033
=876  \\$bBISUBIL-T-2023000504
=876  \\$hFor room use only
=876  \\$jInventoried
=876  \\$tCopy 1

