=LDR  00000nam a2200000Ia 45e0
=008  250523s9999\\\\xx\\\\\\\\\\\\000\0\und\d
=100  \\$aApare, Candy B.
=245  \0$aHealth and Growth Performance of Solanaceous Crop Seedlings Raised in Different Growing Media
=245  \0$bby Candy B. Apare
=260  \\$bPublished in Bohol Island State University- Bilar Campus
=260  \\$c2017
=300  \\$axv, 92 leaves
=876  \\$aBISU-BL-000034
=876  \\$bBISUBIL-T-2023000505
=876  \\$hFor room use only
=876  \\$jInventoried
=876  \\$tCopy 1

