=LDR  00000nam a2200000Ia 45e0
=008  250523s9999\\\\xx\\\\\\\\\\\\000\0\und\d
=100  \\$aMacaambac, Ma. Zita L.
=245  \0$aInfluenced of Cocofrond Mulching on the Natural Enemies in Eggplant
=245  \0$bby Ma. Zita L. Macaambac
=260  \\$bPublished in Bohol Island State University- Bilar Campus
=260  \\$c2017
=300  \\$axiii, 69 leaves
=876  \\$aBISU-BL-000035
=876  \\$bBISUBIL-T-2023000506
=876  \\$hFor room use only
=876  \\$jInventoried
=876  \\$tCopy 1

