=LDR  00000nam a2200000Ia 45e0
=008  250523s9999\\\\xx\\\\\\\\\\\\000\0\und\d
=100  \\$aSabijon, Ruena A.
=245  \0$aInsect Pest Incidence in Corn Treated with Kakawate (Gliricidia Sepium Steudel) Extract
=245  \0$bby Ruena A. Sabijon
=260  \\$bPublished in Bohol Island State University- Bilar Campus
=260  \\$c2004
=300  \\$axiii, 41 leaves
=876  \\$aBISU-BL-000036
=876  \\$bBISUBIL-T-2023000507
=876  \\$hFor room use only
=876  \\$jInventoried
=876  \\$tCopy 1

