=LDR  00000nam a2200000Ia 45e0
=008  250523s9999\\\\xx\\\\\\\\\\\\000\0\und\d
=100  \\$aPrete, Leah G.
=245  \0$aInsect Pest Management of Eggplant (Solanum Melongena Linn.) Using Different Levels of Botanical Extract Mix
=245  \0$bby Leah G. Prete
=260  \\$bPublished in Bohol Island State University- Bilar Campus
=260  \\$c2018
=300  \\$axiv, 89 leaves
=876  \\$aBISU-BL-000037
=876  \\$bBISUBIL-T-2023000508
=876  \\$hFor room use only
=876  \\$jInventoried
=876  \\$tCopy 1

