=LDR  00000nam a2200000Ia 45e0
=008  250523s9999\\\\xx\\\\\\\\\\\\000\0\und\d
=100  \\$aDoria, Mark Anthony C.
=245  \0$aIpimacose (Ipil-Ipil, Malunggay, Corn, Sweet Potato and Egg Shell) as Organic Feeds for the Performance of Native Chicken (Gallus Gallus Domesticus Linn)
=245  \0$bby Mark Anthony C. Doria
=260  \\$bPublished in Bohol Island State University- Bilar Campus
=260  \\$c2018
=300  \\$axi, 46 leaves
=876  \\$aBISU-BL-000038
=876  \\$bBISUBIL-T-2023000509
=876  \\$hFor room use only
=876  \\$jInventoried
=876  \\$tCopy 1

