=LDR  00000nam a2200000Ia 45e0
=008  250523s9999\\\\xx\\\\\\\\\\\\000\0\und\d
=100  \\$aPainagan, Floramae F.
=245  \0$aKuhol-Coconut Based Feed Formula on the Growth Performance of Mallard Ducks (AnasplatyrynchosLinn.)
=245  \0$bby Floramae F. Painagan
=260  \\$bPublished in Bohol Island State University- Bilar Campus
=260  \\$c2019
=300  \\$axi, 53 leaves
=876  \\$aBISU-BL-000039
=876  \\$bBISUBIL-T-2023000510
=876  \\$hFor room use only
=876  \\$jInventoried
=876  \\$tCopy 1

