=LDR  00000nam a2200000Ia 45e0
=008  250523s9999\\\\xx\\\\\\\\\\\\000\0\und\d
=100  \\$aDapar, Anita G.
=245  \0$aLevel of Acceptance of Using Wood Vinegar in Mayana, Jagna and Taytay, Duero, Bohol
=245  \0$bby Anita G. Dapar
=260  \\$bPublished in Bohol Island State University- Bilar Campus
=260  \\$c2017
=300  \\$ax, 51 leaves
=876  \\$aBISU-BL-000040
=876  \\$bBISUBIL-T-2023000511
=876  \\$hFor room use only
=876  \\$jInventoried
=876  \\$tCopy 1

