=LDR  00000nam a2200000Ia 45e0
=008  250523s9999\\\\xx\\\\\\\\\\\\000\0\und\d
=100  \\$aMadora, Pamela B.
=245  \0$aMycorrhiza-Enhanced Vermicompost Application on the Performance of Eggplant (Solanum Melongena L.)
=245  \0$bby Pamela B. Madora
=260  \\$bPublished in Bohol Island State University- Bilar Campus
=260  \\$c2018
=300  \\$axiii, 51 leaves
=876  \\$aBISU-BL-000041
=876  \\$bBISUBIL-T-2023000512
=876  \\$hFor room use only
=876  \\$jInventoried
=876  \\$tCopy 1

