=LDR  00000nam a2200000Ia 45e0
=008  250523s9999\\\\xx\\\\\\\\\\\\000\0\und\d
=100  \\$aBongola, Alma Sernada
=245  \0$aNatural Enemies Population in Bell Pepper (Capsicum Annum Linn) Mulched with Cocofrond
=245  \0$bby Alma Sernada Bongola
=260  \\$bPublished in Bohol Island State University- Bilar Campus
=260  \\$c2017
=300  \\$axiv, 77 leaves
=876  \\$aBISU-BL-000042
=876  \\$bBISUBIL-T-2023000513
=876  \\$hFor room use only
=876  \\$jInventoried
=876  \\$tCopy 1

