=LDR  00000nam a2200000Ia 45e0
=008  250523s9999\\\\xx\\\\\\\\\\\\000\0\und\d
=100  \\$aBonior, Rose Jean B.
=245  \0$aOrganic Foliar Fertilizer on the Performance of  Anthurium (Anthurium Andreanum Linn.)
=245  \0$bby Rose Jean B. Bonior
=260  \\$bPublished in Bohol Island State University- Bilar Campus
=260  \\$c2018
=300  \\$aix, 47 leaves
=876  \\$aBISU-BL-000043
=876  \\$bBISUBIL-T-2023000514
=876  \\$hFor room use only
=876  \\$jInventoried
=876  \\$tCopy 1

