=LDR  00000nam a2200000Ia 45e0
=008  250523s9999\\\\xx\\\\\\\\\\\\000\0\und\d
=100  \\$aSaludo, Rachel P.
=245  \0$aPerformance of Apali (Dioscorea Esculente Linn.) on the Various Forms and Levels of Cocopeat
=245  \0$bby Rachel P. Saludo
=260  \\$bPublished in Bohol Island State University- Bilar Campus
=260  \\$c2017
=300  \\$axiii, 70 leaves
=876  \\$aBISU-BL-000044
=876  \\$bBISUBIL-T-2023000515
=876  \\$hFor room use only
=876  \\$jInventoried
=876  \\$tCopy 1

