=LDR  00000nam a2200000Ia 45e0
=008  250523s9999\\\\xx\\\\\\\\\\\\000\0\und\d
=100  \\$aDela Pena, Chella Joy B.
=245  \0$aPerformance of Black Rice (Bra-10 Glutinous) as Influenced by Different Levels of Indigenous Microorganisms 6
=245  \0$bby Chella Joy B. Dela Pena
=260  \\$bPublished in Bohol Island State University- Bilar Campus
=260  \\$c2019
=300  \\$axiv, 62 leaves
=876  \\$aBISU-BL-000045
=876  \\$bBISUBIL-T-2023000516
=876  \\$hFor room use only
=876  \\$jInventoried
=876  \\$tCopy 1

