=LDR  00000nam a2200000Ia 45e0
=008  250523s9999\\\\xx\\\\\\\\\\\\000\0\und\d
=100  \\$aParojinog, Lea P.
=245  \0$aPerformance of Chicken (Kabir) to Grated Coconut Meal as Feed Supplement
=245  \0$bby Lea P. Parojinog
=260  \\$bPublished in Bohol Island State University- Bilar Campus
=260  \\$c2015
=300  \\$ax, 35 leaves
=876  \\$aBISU-BL-000046
=876  \\$bBISUBIL-T-2023000517
=876  \\$hFor room use only
=876  \\$jInventoried
=876  \\$tCopy 1

