=LDR  00000nam a2200000Ia 45e0
=008  250523s9999\\\\xx\\\\\\\\\\\\000\0\und\d
=100  \\$aLogrono, Roselyn D.
=245  \0$aPerformance of Chinese Cabbage (Brassica Rapa Subsp. Chinensis L.) Applied with Different Botanical Pesticides
=245  \0$bby Roselyn D. Logrono
=260  \\$bPublished in Bohol Island State University- Bilar Campus
=260  \\$c2018
=300  \\$axii, 54 leaves
=876  \\$aBISU-BL-000047
=876  \\$bBISUBIL-T-2023000518
=876  \\$hFor room use only
=876  \\$jInventoried
=876  \\$tCopy 1

