=LDR  00000nam a2200000Ia 45e0
=008  250523s9999\\\\xx\\\\\\\\\\\\000\0\und\d
=100  \\$aAlleluia, Eduardo A. JR
=245  \0$aPerformance of Duck (Anas Platyrynchos L.) Utilizing Indigenous Feed Formula
=245  \0$bby Eduardo A. Alleluia Jr.
=260  \\$bPublished in Bohol Island State University- Bilar Campus
=260  \\$c2018
=300  \\$ax, 44 leaves
=876  \\$aBISU-BL-000048
=876  \\$bBISUBIL-T-2023000519
=876  \\$hFor room use only
=876  \\$jInventoried
=876  \\$tCopy 1

