=LDR  00000nam a2200000Ia 45e0
=008  250523s9999\\\\xx\\\\\\\\\\\\000\0\und\d
=100  \\$aMaslog, Marither A.
=245  \0$aPlant-Based Pesticide for Pest Management of Lettuce (Lactuca Sativa Linn)
=245  \0$bby Marither A. Maslog
=260  \\$bPublished in Bohol Island State University- Bilar Campus
=260  \\$c2018
=300  \\$axii, 63 leaves
=876  \\$aBISU-BL-000049
=876  \\$bBISUBIL-T-2023000520
=876  \\$hFor room use only
=876  \\$jInventoried
=876  \\$tCopy 1

