=LDR  00000nam a2200000Ia 45e0
=008  250523s9999\\\\xx\\\\\\\\\\\\000\0\und\d
=100  \\$aMejorada, Ma. Florie Mae
=245  \0$aPlant-Based Pesticides for Pest Management of Cabbage (Brassica Oleracea Linn.)
=245  \0$bby Ma. Florie Mae Mejorada
=260  \\$bPublished in Bohol Island State University- Bilar Campus
=260  \\$c2018
=300  \\$axi, 60 leaves
=876  \\$aBISU-BL-000050
=876  \\$bBISUBIL-T-2023000521
=876  \\$hFor room use only
=876  \\$jInventoried
=876  \\$tCopy 1

