=LDR  00000nam a2200000Ia 45e0
=008  250523s9999\\\\xx\\\\\\\\\\\\000\0\und\d
=100  \\$aPatayan, Neil Jordan C.
=245  \0$aPractices and Perception of Farmers in Talibon and Trinidad, Bohol on the Use of Glyphosate
=245  \0$bby Neil Jordan C. Patayan
=260  \\$bPublished in Bohol Island State University- Bilar Campus
=260  \\$c2017
=300  \\$axi, 54 leaves
=876  \\$aBISU-BL-000051
=876  \\$bBISUBIL-T-2023000522
=876  \\$hFor room use only
=876  \\$jInventoried
=876  \\$tCopy 1

