=LDR  00000nam a2200000Ia 45e0
=008  250523s9999\\\\xx\\\\\\\\\\\\000\0\und\d
=100  \\$aPorlares, Junah A.
=245  \0$aPractices and Perception of Farmers on the Use of Glyphosate: Basis for Policy Advocacy on the Judicious Use of Pesticides
=245  \0$bby Junah A. Porlares
=260  \\$bPublished in Bohol Island State University- Bilar Campus
=260  \\$c2017
=300  \\$ax, 60 leaves
=876  \\$aBISU-BL-000052
=876  \\$bBISUBIL-T-2023000523
=876  \\$hFor room use only
=876  \\$jInventoried
=876  \\$tCopy 1

