=LDR  00000nam a2200000Ia 45e0
=008  250523s9999\\\\xx\\\\\\\\\\\\000\0\und\d
=100  \\$aEnoc, Eva O.
=245  \0$aProblems of Buri (Corypha Elata Roxb.) Farmers in the Municipality of Inabanga, Bohol
=245  \0$bby Eva O. Enoc
=260  \\$bPublished in Bohol Island State University- Bilar Campus
=260  \\$c2018
=300  \\$aix, 52 leaves
=876  \\$aBISU-BL-000053
=876  \\$bBISUBIL-T-2023000524
=876  \\$hFor room use only
=876  \\$jInventoried
=876  \\$tCopy 1

