=LDR  00000nam a2200000Ia 45e0
=008  250523s9999\\\\xx\\\\\\\\\\\\000\0\und\d
=100  \\$aRatilla, Jennifer M.
=245  \0$aProductivity of Purple Yam (Dioscorea Alata Linn.) Applied with Different Forms of Supplemented Cassava Peel as Fertilizer
=245  \0$bby Jennifer M. Ratilla
=260  \\$bPublished in Bohol Island State University- Bilar Campus
=260  \\$c2018
=300  \\$axii, 80 leaves
=876  \\$aBISU-BL-000054
=876  \\$bBISUBIL-T-2023000525
=876  \\$hFor room use only
=876  \\$jInventoried
=876  \\$tCopy 1

