=LDR  00000nam a2200000Ia 45e0
=008  250523s9999\\\\xx\\\\\\\\\\\\000\0\und\d
=100  \\$aRejas, Joan C.
=245  \0$aProductivity of Purple Yam (Dioscorea Alata Linn.) Applied with Different Forms of Supplemented Fruit Bunches of Oil Palm as Fertilizers
=245  \0$bby Joan C. Rejas
=260  \\$bPublished in Bohol Island State University- Bilar Campus
=260  \\$c2018
=300  \\$axiii, 63 leaves
=876  \\$aBISU-BL-000055
=876  \\$bBISUBIL-T-2023000526
=876  \\$hFor room use only
=876  \\$jInventoried
=876  \\$tCopy 1

