=LDR  00000nam a2200000Ia 45e0
=008  250523s9999\\\\xx\\\\\\\\\\\\000\0\und\d
=100  \\$aOrganiza, Karen A.
=245  \0$aResponse and Growth of Native Chicken (Gallus Gallus Domesticus) Applied with Chopped Banana Peel as Feed Supplement
=245  \0$bby Karen A. Organiza
=260  \\$bPublished in Bohol Island State University- Bilar Campus
=260  \\$c2017
=300  \\$ax, 47 leaves
=876  \\$aBISU-BL-000056
=876  \\$bBISUBIL-T-2023000527
=876  \\$hFor room use only
=876  \\$jInventoried
=876  \\$tCopy 1

