=LDR  00000nam a2200000Ia 45e0
=008  250523s9999\\\\xx\\\\\\\\\\\\000\0\und\d
=100  \\$aPalapar, Angelli A.
=245  \0$aRice Farmers' Coping Mechanisms Against Disasters Caused by Climate Change in the First District of Bohol
=245  \0$bby Angelli A. Palapar
=260  \\$bPublished in Bohol Island State University- Bilar Campus
=260  \\$c2018
=300  \\$ax, 59 leaves
=876  \\$aBISU-BL-000057
=876  \\$bBISUBIL-T-2023000528
=876  \\$hFor room use only
=876  \\$jInventoried
=876  \\$tCopy 1

