=LDR  00000nam a2200000Ia 45e0
=008  250523s9999\\\\xx\\\\\\\\\\\\000\0\und\d
=100  \\$aDi la Cruz, Ramonita S.
=245  \0$aSand Ginger Extract (Kaempferia Galanga Linn.) for Insect Pest Management in Rice Production
=245  \0$bby Ramonita S. Di la Cruz
=260  \\$bPublished in Bohol Island State University- Bilar Campus
=260  \\$c2014
=300  \\$axi, 53 leaves
=876  \\$aBISU-BL-000058
=876  \\$bBISUBIL-T-2023000529
=876  \\$hFor room use only
=876  \\$jInventoried
=876  \\$tCopy 1

