=LDR  00000nam a2200000Ia 45e0
=008  250523s9999\\\\xx\\\\\\\\\\\\000\0\und\d
=100  \\$aOmboy, Cristin Jean L.
=245  \0$aSeed Selection and Seed Storage Practices in the Municipality of Danao as Basis for Agrobiodiversity Conservation
=245  \0$bby Cristin Jean L. Omboy
=260  \\$bPublished in Bohol Island State University- Bilar Campus
=260  \\$c2017
=300  \\$ax, 59 leaves
=876  \\$aBISU-BL-000059
=876  \\$bBISUBIL-T-2023000530
=876  \\$hFor room use only
=876  \\$jInventoried
=876  \\$tCopy 1

