=LDR  00000nam a2200000Ia 45e0
=008  250523s9999\\\\xx\\\\\\\\\\\\000\0\und\d
=100  \\$aOrias, Shyra Mae L.
=245  \4$aThe Effects of Combined Betel Nut and Papaya Seeds as Dewormer for Native Chicken
=245  \0$bby Shyra Mae L. Orias
=260  \\$bPublished in Bohol Island State University- Bilar Campus
=260  \\$c2017
=300  \\$aix, 51 leaves
=876  \\$aBISU-BL-000060
=876  \\$bBISUBIL-T-2023000531
=876  \\$hFor room use only
=876  \\$jInventoried
=876  \\$tCopy 1

