=LDR  00000nam a2200000Ia 45e0
=008  250523s9999\\\\xx\\\\\\\\\\\\000\0\und\d
=100  \\$aClerigo, Richard G.
=245  \0$aUtilization of Agro-Based Industrial Residues in Sweet Pepper (Capsicum Annum Linn) Production
=245  \0$bby Richard G. Clerigo
=260  \\$bPublished in Bohol Island State University- Bilar Campus
=260  \\$c2017
=300  \\$axiii, 68 leaves
=876  \\$aBISU-BL-000061
=876  \\$bBISUBIL-T-2023000532
=876  \\$hFor room use only
=876  \\$jInventoried
=876  \\$tCopy 1

