=LDR  00000nam a2200000Ia 45e0
=008  250523s9999\\\\xx\\\\\\\\\\\\000\0\und\d
=100  \\$aTajale, Bryan Lhoe C.
=245  \0$aUtilization of Agro-Industrial Residues in Lettuce (Lactuca Sativa, Linn) Production
=245  \0$bby Bryan Lhoe C. Tajale
=260  \\$bPublished in Bohol Island State University- Bilar Campus
=260  \\$c2017
=300  \\$axiv, 74 leaves
=876  \\$aBISU-BL-000062
=876  \\$bBISUBIL-T-2023000533
=876  \\$hFor room use only
=876  \\$jInventoried
=876  \\$tCopy 1

