=LDR  00000nam a2200000Ia 45e0
=008  250523s9999\\\\xx\\\\\\\\\\\\000\0\und\d
=100  \\$aLopecillo, Richel B.
=245  \0$aVarietal Performance of Cacao (Theobroma Cacao L.) Seedlings Applied with Different Ratios of Cocopeat-Based Growing Media
=245  \0$bby Richel B. Lopecillo
=260  \\$bPublished in Bohol Island State University- Bilar Campus
=260  \\$c2019
=300  \\$axi, 45 leaves
=876  \\$aBISU-BL-000063
=876  \\$bBISUBIL-T-2023000534
=876  \\$hFor room use only
=876  \\$jInventoried
=876  \\$tCopy 1

