=LDR  00000nam a2200000Ia 45e0
=008  250523s9999\\\\xx\\\\\\\\\\\\000\0\und\d
=100  \\$aPalen, Jenalyn J.
=245  \0$aVarietal Performance of Hybrid Pechay as Affected by Application of Vermicast Carbonized Rice Hull
=245  \0$bby Jenalyn J. Palen
=260  \\$bPublished in Bohol Island State University- Bilar Campus
=260  \\$c2023
=300  \\$axii, 52 leaves
=876  \\$aBISU-BL-000064
=876  \\$bBISUBIL-T-2023000535
=876  \\$hFor room use only
=876  \\$jInventoried
=876  \\$tCopy 1

