=LDR  00000nam a2200000Ia 45e0
=008  250523s9999\\\\xx\\\\\\\\\\\\000\0\und\d
=100  \\$aBarong, Angelie P.
=245  \0$aVermicompost and Mycorrhiza Application on the Productivity of Sweet Pepper (Capsicum Annuum L.)
=245  \0$bby Angelie P. Barong
=260  \\$bPublished in Bohol Island State University- Bilar Campus
=260  \\$c2018
=300  \\$axiv, 58 leaves
=876  \\$aBISU-BL-000065
=876  \\$bBISUBIL-T-2023000536
=876  \\$hFor room use only
=876  \\$jInventoried
=876  \\$tCopy 1

